<record><leader>00000cas a22000007a 4500</leader><controlfield tag="001">21137004</controlfield><controlfield tag="008">900228d19651968mduwr ne      0    0eng d</controlfield><datafield ind1=" " ind2=" " tag="010"><subfield code="a">sn 90057054 </subfield></datafield><datafield ind1=" " ind2=" " tag="040"><subfield code="a">MFN</subfield><subfield code="b">eng</subfield><subfield code="c">MFN</subfield><subfield code="d">OCLCQ</subfield></datafield><datafield ind1=" " ind2=" " tag="042"><subfield code="a">msc</subfield></datafield><datafield ind1="0" ind2="0" tag="245"><subfield code="a">Belair news express.</subfield></datafield><datafield ind1=" " ind2=" " tag="260"><subfield code="a">Bowie, Md. :</subfield><subfield code="b">News Express, Inc.</subfield></datafield><datafield ind1=" " ind2=" " tag="300"><subfield code="a">v.</subfield></datafield><datafield ind1=" " ind2=" " tag="310"><subfield code="a">Weekly</subfield></datafield><datafield ind1="0" ind2=" " tag="362"><subfield code="a">Vol. 1, no. 1 (Dec. 15, 1965)-v. 3, no. 21 (May 1, 1968).</subfield></datafield><datafield ind1=" " ind2=" " tag="752"><subfield code="a">United States</subfield><subfield code="b">Maryland</subfield><subfield code="c">Prince George's</subfield><subfield code="d">Bowie.</subfield></datafield><datafield ind1="0" ind2="0" tag="785"><subfield code="t">News express (Bowie, Md.)</subfield><subfield code="w">(DLC)sn 89061513</subfield></datafield></record>